%% This BibTeX bibliography file was created using BibDesk.
%% https://bibdesk.sourceforge.io/

%% Created for Chan-Hoo Jeon at 2019-04-22 13:44:14 -0500 


%% Saved with string encoding Unicode (UTF-8) 



@article{Kara2005AMS,
	Author = {A. B. Kara and H. E. Hurlburt and A. J. Wallcraft},
	Date-Added = {2019-04-22 13:41:48 -0500},
	Date-Modified = {2019-04-22 13:44:14 -0500},
	Journal = {Amer. Meteor. Soc.},
	Pages = {1080--1094},
	Title = {Stability-dependent exchange coefficients for air-sea fluxes},
	Volume = {22},
	Year = {2005}}

@article{Wallcraft2008,
	Author = {A. J. Wallcraft and A. B. Kara and H. E. Hurlburt and E. P. Chassignet and G. H. Halliwell},
	Date-Added = {2019-04-22 09:49:33 -0500},
	Date-Modified = {2019-04-22 09:53:01 -0500},
	Doi = {10.1016/j.jmarsys.2008.01.009},
	Journal = {J. Mar. Sys.},
	Pages = {241--258},
	Title = {Value of bulk heat flux parameterizations for ocean SST prediction},
	Volume = {74},
	Year = {2008},
	Bdsk-Url-1 = {https://doi.org/10.1016/j.jmarsys.2008.01.009}}

@article{Bleck02,
	Author = {Bleck, R.},
	Journal = {Ocean Modell.},
	Pages = {55--88},
	Title = {An oceanic general circulation model framed in hybrid isopycnic-{C}artesian coordinates},
	Volume = {37},
	Year = {2002}}
